@book{katz2014introduction,
    title={Introduction to modern cryptography},
    author={Katz, Jonathan and Lindell, Yehuda},
    year={2014},
    publisher={CRC press}
}

@article{shannon1949communication,
    title={Communication theory of secrecy systems},
    author={Shannon, Claude E},
    journal={Bell system technical journal},
    volume={28},
    number={4},
    pages={656--715},
    year={1949},
    publisher={Wiley Online Library}
}

@online{galoisfields,
    author = "John D. Cook",
    title = "Finite fields (Galois fields)",
    url  = "www.johndcook.com/blog/finite-fields/",
}

@misc{krawczyk1997rfc2104,
    title={RFC2104: HMAC: Keyed-hashing for message authentication},
    author={Krawczyk, Hugo and Bellare, Mihir and Canetti, Ran},
    year={1997},
    publisher={RFC Editor}
}
